Date,Description,Debit,Credit,Balance
01/15/2024,STARBUCKS STORE #12345,4.50,,2495.50
01/16/2024,DIRECT DEPOSIT PAYROLL,,2500.00,4995.50
01/17/2024,SHELL GAS STATION #9876,45.00,,4950.50
01/18/2024,AMAZON.COM PURCHASE,127.83,,4822.67
01/19/2024,ATM WITHDRAWAL,60.00,,4762.67
01/20/2024,GROCERY STORE INC,89.45,,4673.22
01/21/2024,ELECTRIC COMPANY,125.00,,4548.22
01/22/2024,NETFLIX SUBSCRIPTION,15.99,,4532.23
01/23/2024,RESTAURANT XYZ,34.50,,4497.73
01/24/2024,FREELANCE PAYMENT,,350.00,4847.73